<record><leader>00000cas a2200000 a 4500</leader><controlfield tag="001">1379240</controlfield><controlfield tag="008">750609d193u1985fludr ne      0    0eng c</controlfield><datafield ind1=" " ind2=" " tag="010"><subfield code="a">sn 89071211 </subfield></datafield><datafield ind1=" " ind2=" " tag="040"><subfield code="a">FUL</subfield><subfield code="b">eng</subfield><subfield code="c">FUL</subfield><subfield code="d">NYS</subfield><subfield code="d">FUG</subfield><subfield code="d">OCLCQ</subfield><subfield code="d">OCLCF</subfield><subfield code="d">OCLCO</subfield></datafield><datafield ind1=" " ind2=" " tag="012"><subfield code="i">9602</subfield></datafield><datafield ind1="1" ind2=" " tag="029"><subfield code="a">AU@</subfield><subfield code="b">000020546111</subfield></datafield><datafield ind1=" " ind2=" " tag="042"><subfield code="a">pcc</subfield></datafield><datafield ind1=" " ind2=" " tag="043"><subfield code="a">n-us-fl</subfield></datafield><datafield ind1="0" ind2="0" tag="245"><subfield code="a">Fort Myers news-press.</subfield></datafield><datafield ind1=" " ind2=" " tag="260"><subfield code="a">Fort Myers, Fla. :</subfield><subfield code="b">News-Press Pub. Co.,</subfield><subfield code="c">-1985.</subfield></datafield><datafield ind1=" " ind2=" " tag="300"><subfield code="a">v.</subfield></datafield><datafield ind1=" " ind2=" " tag="310"><subfield code="a">Daily</subfield></datafield><datafield ind1="0" ind2=" " tag="362"><subfield code="a">-101st year, no. 360 (Nov. 16, 1985).</subfield></datafield><datafield ind1=" " ind2=" " tag="500"><subfield code="a">Carl Hanton, editor.</subfield></datafield><datafield ind1=" " ind2=" " tag="500"><subfield code="a">Published in multiple editions, &lt;1985&gt;.</subfield></datafield><datafield ind1=" " ind2=" " tag="588"><subfield code="a">Description based on: Vol. 48, no. 222 (July 1, 1932).</subfield></datafield><datafield ind1=" " ind2="0" tag="651"><subfield code="a">Fort Myers (Fla.)</subfield><subfield code="v">Newspapers.</subfield></datafield><datafield ind1=" " ind2="0" tag="651"><subfield code="a">Lee County (Fla.)</subfield><subfield code="v">Newspapers.</subfield></datafield><datafield ind1=" " ind2="7" tag="655"><subfield code="a">Newspapers.</subfield><subfield code="2">fast</subfield><subfield code="0">(OCoLC)fst01423814</subfield></datafield><datafield ind1=" " ind2="7" tag="651"><subfield code="a">Florida</subfield><subfield code="z">Fort Myers.</subfield><subfield code="2">fast</subfield><subfield code="0">(OCoLC)fst01214194</subfield></datafield><datafield ind1=" " ind2="7" tag="651"><subfield code="a">Florida</subfield><subfield code="z">Lee County.</subfield><subfield code="2">fast</subfield><subfield code="0">(OCoLC)fst01202773</subfield></datafield><datafield ind1=" " ind2=" " tag="752"><subfield code="a">United States</subfield><subfield code="b">Florida</subfield><subfield code="c">Lee</subfield><subfield code="d">Fort Myers.</subfield></datafield><datafield ind1="0" ind2="4" tag="780"><subfield code="t">Fort Myers tropical news</subfield><subfield code="w">(DLC)sn 96027169</subfield><subfield code="w">(OCoLC)34201129</subfield></datafield><datafield ind1="0" ind2="4" tag="780"><subfield code="t">Fort Myers press (Fort Myers, Fla. : 1914)</subfield><subfield code="w">(DLC)sn 96027168</subfield><subfield code="w">(OCoLC)34201128</subfield></datafield><datafield ind1="0" ind2="0" tag="785"><subfield code="t">News-press (Fort Myers, Fla.)</subfield><subfield code="w">(DLC)sn 96027170</subfield><subfield code="w">(OCoLC)34201131</subfield></datafield><datafield ind1=" " ind2=" " tag="850"><subfield code="a">FU</subfield></datafield></record>